<?xml version="1.0" encoding="UTF-8"?><collection xmlns="http://www.loc.gov/MARC21/slim"><record><leader>00351nam--2200121-i-4500</leader><controlfield tag="001">000026590</controlfield><controlfield tag="002">20161230</controlfield><controlfield tag="005">20161230201036</controlfield><controlfield tag="008">060222s1000------------r-----000-0-eng-d</controlfield><datafield ind1=" " ind2=" " tag="100"><subfield code="a">Kazan, B., Knoll,M</subfield></datafield><datafield ind1=" " ind2=" " tag="245"><subfield code="a">Storage tubes and their basic principles</subfield></datafield><datafield ind1=" " ind2=" " tag="260"><subfield code="a">New York-london, John Wiley &amp; Sons - Chapman Et Hall, 1952, Xiii + 143p</subfield></datafield><datafield ind1=" " ind2=" " tag="852"><subfield code="a">10082</subfield></datafield></record></collection>